@book{therails7way,
	title = {The Rails 7 Way},
	author = {Lucas Dohmen, Tom Henrik Aadland, Obie Fernandez},
	year = {Published February 9, 2023},
	publisher = {The Lean Publishing; 1st Edition},
	url = {https://leanpub.com/therails7way},
	editor = {Obie Fernandez},
	series = {Addison-Wesleyâ€™s Professional Ruby Series}
}

@misc{rails-guides,
	title = {Ruby on Rails Guides},
	author = {Ruby on Rails},
	year = {2023},
	url = {https://guides.rubyonrails.org/}
}

@article{mittelbach2004latex,
	author    = {Frank Mittelbach and Michel Goossens and Johannes Braams and David Carlisle and Chris Rowley},
	title     = {The LATEX Companion},
	year      = {2004},
	publisher = {Addison-Wesley}
}

@misc{aws-rekognition,
	title = {Image recognition Software - ML Image \& Video analysis - Amazon Rekognition - AWS},
	author = {Amazon Web Services, Inc.},
	year = {2023},
	url = {https://aws.amazon.com/rekognition/}
}

@misc{aws-s3-storage,
	title = {Cloud Object Storage - Amazon S3},
	author = {Amazon Web Services, Inc.},
	year = {2023},
	url = {https://aws.amazon.com/pm/serv-s3}
}

@article{smith2017microservices,
	title = {Microservices Architecture: What, When, and How},
	author = {Smith, John},
	journal = {InfoQ},
	year = {2017},
	url = {https://www.infoq.com/articles/microservices-architecture-introduction}
}

@online{rest-arch,
	title = {Understanding RESTful Services},
	author = {Johnson, Mary},
	year = {2021},
	url = {https://www.restapitutorial.com/lessons/whatisrest.html}
}

@misc{graphviz2021,
	title = {Graph Visualization Software - Class Diagram Generator},
	author = {Graphviz. (n.d.)},
	year = {2021},
	url = {https://graphviz.org/}
}

@misc{creately2019,
	title = {Creately | Visual Collaboration \& Diagramming Platform - Sequence Diagram},
	author = {Creately.com},
	year = {2019},
	url = {https://creately.com/}
}

@misc{reactjs-docs,
	title = {React.js Documentation},
	author = {ReactJS},
	year = {2023},
	url = {https://reactjs.org/docs/getting-started.html}
}

@misc{nextjs-docs,
	title = {Next.js Documentation},
	author = {Vercel},
	year = {2023},
	url = {https://nextjs.org/docs}
}


@misc{material-ui-docs,
	title = {Material-UI Documentation},
	author = {Material-UI},
	year = {2023},
	url = {https://material-ui.com/}
}

@misc{google-maps-docs,
	title = {Google Maps Platform},
	author = {Google Cloud},
	year = {2023},
	url = {https://cloud.google.com/maps-platform}
}

@misc{heroku-docs,
	title = {Heroku Documentation},
	author = {Heroku},
	year = {2023},
	url = {https://devcenter.heroku.com/}
}

@misc{postgresql-docs,
	title = {PostgreSQL Documentation},
	author = {PostgreSQL Global Development Group},
	year = {2023},
	url = {https://www.postgresql.org/docs/}
}

@misc{postman-docs,
	title = {Postman Documentation},
	author = {Postman},
	year = {2023},
	url = {https://learning.postman.com/docs/getting-started/introduction/}
}

@misc{git-docs,
	title = {Git Documentation},
	author = {The Git Community},
	year = {2023},
	url = {https://git-scm.com/doc}
}

@online{git-workflows,
	title = {Continuous Integration and Continuous Deployment (CI/CD) - A Quick Guide},
	author = {Towards Data Science},
	year = {2023},
	url = {https://towardsdatascience.com/a-comprehensive-guide-to-different-git-workflows-ecosystem-38d3e10fdec3}
}

@misc{oauth-spec,
	title = {OAuth 2.0 Authorization Framework},
	author = {IETF},
	year = {2012},
	url = {https://tools.ietf.org/html/rfc6749}
}

@misc{sentry-docs,
	title = {Sentry Documentation},
	author = {Sentry},
	year = {2023},
	url = {https://docs.sentry.io/}
}

@book{bootstrap-reactjs,
	title = {Learning Web Development with React and Bootstrap},
	author = {Harmeet Singh, Mehul Bhatt},
	year = {2016},
	publisher = {Packt Publishing},
	url = {https://books.google.com.pk/books?id=sJf1vQAACAAJ&source=gbs_navlinks_s}
}

@misc{wiki-hci,
	author    = {Wikipedia Contributors},
	title     = {Human--Computer Interaction},
	howpublished = {\url{https://en.wikipedia.org/wiki/Human%E2%80%93computer_interaction}},
	note      = {Wikimedia Foundation, October 1, 2023},
	year      = {2023}
}


